@BOOK{Wurst:2003,
    Address        = {Göttingen},
    Author         = {Wurst, Hans},
    Pages          = {500},
    Publisher      = {Ein ganz toller Verlag},
    Title          = {{Mein erstes Buch über dies und das}},
    Year           = {2003}
}

@ARTICLE{Beispiel:1999,
    Author         = {Beispiel, Fritzchen},
    Journal        = {Die ZEIT},
    Month          = {12.},
    Title          = {{Letzter Artikel vor dem Jahreswechsel}},
    Year           = {1999}
}

@ARTICLE{ein_artikel,
  author = {A. B. Name and C. D. Name2 and E. F. Name3},
  title = {Titel des Artikels},
  journal = {Journal},
  year = {1983},
  volume = {19},
  pages = {1593 - 1656}
}

@PHDTHESIS{eine_doktorarbeit,
  author = {A. B. Name},
  title = {Titel der Doktorarbeit},
  school = {Universität xy},
  year = {2003},
}

@BOOK{ein_buch,
  title = {Titel des Buchs},
  publisher = {Publisher},
  year = {1990},
  author = {A. B. Name and C. D. Name2},
  pages = {735},
}

@online{Wikipedia:2021,
	author = {Wikipedia},
	title = {Eintrag Informatik},
	date = {2021},
	url = {https://de.wikipedia.org/wiki/Informatik},
	
	OPTurldate = {05.11.2021},
}
